@article{turney2002thumbs,
  title={Thumbs up or thumbs down? Semantic orientation applied to unsupervised classification of reviews},
  author={Turney, Peter D},
  journal={arXiv preprint cs/0212032},
  year={2002}
}
@inproceedings{gupta2015detecting,
  title={Detecting Sentiment in Nepali texts: A bootstrap approach for Sentiment Analysis of texts in the Nepali language},
  author={Gupta, Chandan Prasad and Bal, Bal Krishna},
  booktitle={2015 International Conference on Cognitive Computing and Information Processing (CCIP)},
  pages={1--4},
  year={2015},
  organization={IEEE}
}
@article{liu2012sentiment,
  title={Sentiment analysis and opinion mining},
  author={Liu, Bing},
  journal={Synthesis lectures on human language technologies},
  volume={5},
  number={1},
  pages={1--167},
  year={2012},
  publisher={Morgan \& Claypool Publishers}
}
@inproceedings{kaya2012sentiment,
  title={Sentiment analysis of turkish political news},
  author={Kaya, Mesut and Fidan, G{\"u}ven and Toroslu, Ismail H},
  booktitle={2012 IEEE/WIC/ACM International Conferences on Web Intelligence and Intelligent Agent Technology},
  volume={1},
  pages={174--180},
  year={2012},
  organization={IEEE}
}
@inproceedings{sharma2015practical,
  title={A practical approach to sentiment analysis of Hindi tweets},
  author={Sharma, Yakshi and Mangat, Veenu and Kaur, Mandeep},
  booktitle={2015 1st International Conference on Next Generation Computing Technologies (NGCT)},
  pages={677--680},
  year={2015},
  organization={IEEE}
}
@inproceedings{vaswani2017attention,
  title={Attention is all you need},
  author={Vaswani, Ashish and Shazeer, Noam and Parmar, Niki and Uszkoreit, Jakob and Jones, Llion and Gomez, Aidan N and Kaiser, {\L}ukasz and Polosukhin, Illia},
  booktitle={Advances in neural information processing systems},
  pages={5998--6008},
  year={2017}
}
@article{yadava2008construction,
  title={Construction and annotation of a corpus of contemporary Nepali},
  author={Yadava, Yogendra P and Hardie, Andrew and Lohani, Ram Raj and Regmi, Bhim N and Gurung, Srishtee and Gurung, Amar and McEnery, Tony and Allwood, Jens and Hall, Pat},
  journal={Corpora},
  volume={3},
  number={2},
  pages={213--225},
  year={2008},
  publisher={Edinburgh University Press 22 George Square, Edinburgh EH8 9LF UK}
}
@article{mikolov2013efficient,
  title={Efficient estimation of word representations in vector space},
  author={Mikolov, Tomas and Chen, Kai and Corrado, Greg and Dean, Jeffrey},
  journal={arXiv preprint arXiv:1301.3781},
  year={2013}
}
@inproceedings{shrestha2016new,
  title={A new stemmer for Nepali language},
  author={Shrestha, Ingroj and Dhakal, Shreeya Singh},
  booktitle={2016 2nd International Conference on Advances in Computing, Communication, \& Automation (ICACCA)(Fall)},
  pages={1--5},
  year={2016},
  organization={IEEE}
}